@article{cameras,
  title={Why Photography Has Become a Human Universal},
  author={Leopold Kislinger and Kurt Kotrschal},
  journal={Frontiers in Psychology},
  year={2021},
}

@misc{filmcameras,
    title="35mm Film cameras [Электронный ресурс]",
    howpublished="Режим доступа URL: \url{https://www.explainthatstuff.com/how-film-cameras-work.html} -- (Дата обращения: 28.11.2022)"
}

@misc{digitalcameras,
    title="How Digital Cameras Work [Электронный ресурс]",
    howpublished="Режим доступа URL: \url{https://electronics.howstuffworks.com/cameras-photography/digital/digital-camera.htm} -- (Дата обращения: 28.11.2022)"
}

@misc{fvsdcameras,
    title="Film vs Digital Photography [Электронный ресурс]",
    howpublished="Режим доступа URL: \url{https://filmlifestyle.com/film-vs-digital-photography/} -- (Дата обращения: 28.11.2022)"
}

@misc{basicnoise,
    title="Noise in Images [Электронный ресурс]",
    howpublished="Режим доступа URL: \url{https://www2.ph.ed.ac.uk/~wjh/teaching/dia/documents/noise.pdf} -- (Дата обращения: 28.11.2022)"
}

@article{noisephysics,
  title={Physics-based Noise Modeling for Extreme Low-light Photography},
  author={Kaixuan Wei and Ying Fu},
  journal={TRANSACTIONS ON PATTERN ANALYSIS AND MACHINE INTELLIGENCE},
  year={2021},
}

@article{noisetypes,
  title={Noise models in digital image processing},
  author={Ajay Kumar Boyat and Brijendra Kumar Joshi},
  journal={Signal & Image Processing : An International Journal},
  year={2015},
}

@article{filtertypes,
  title={Digital Image Processing},
  author={Eduardo A.B. da Silva and Gelson V. Mendonça},
  journal={The Electrical Engineering Handbook},
  year={2005},
}

@article{meanfilter,
  title={Noise Reduction Using Arithmetic Mean Filtering},
  author={Oyesina Kayode Adedotun and Ogunlade Michael Adegoke},
  journal={International Journal of Science and Research},
  year={2017},
}

@article{gaussianfilter,
  title={Free-form surface filtering using wavelets and multiscale decomposition},
  author={X. Jane Jiang and Paul J. Scott},
  journal={Advanced Metrology},
  year={2020},
}

@article{medianfilter,
  title={Median Filtering: A New Insight},
  author={Sebastián A. Villar and Sebastián Torcida and Gerardo G. Acosta},
  journal={Journal of Mathematical Imaging and Vision},
  year={2017},
}

@article{bilateralfilter,
  title={Быстрый метод билатеральной фильтрации изображений},
  author={Михаил Владимирович Филиппов and  Ольга Сергеевна Ермилова},
  journal={Новые информационные технологии в автоматизированных системах},
  year={2017},
}

@article{metrics,
  title={Image quality metrics: PSNR vs. SSIM},
  author={Alain Horé and Djemel Ziou},
  journal={International Conference on Pattern Recognition},
  year={2010},
}

@article{research,
  title={Anisotropic Median Bilateral Filtering},
  author={Kai Yit Kok and Parvathy Rajendran},
  journal={School of Aerospace Engineering},
  year={2020},
}